<record><leader>00000cas a22000007a 4500</leader><controlfield tag="001">26268764</controlfield><controlfield tag="008">920727d19uu1968ctucr ne      0    0eng d</controlfield><datafield ind1=" " ind2=" " tag="010"><subfield code="a">sn 92051330 </subfield></datafield><datafield ind1=" " ind2=" " tag="040"><subfield code="a">CNW</subfield><subfield code="b">eng</subfield><subfield code="c">CNW</subfield><subfield code="d">OCLCQ</subfield></datafield><datafield ind1=" " ind2=" " tag="042"><subfield code="a">msc</subfield></datafield><datafield ind1="0" ind2="4" tag="245"><subfield code="a">The Town crier of Fairfield.</subfield></datafield><datafield ind1="1" ind2="7" tag="246"><subfield code="a">Town crier</subfield></datafield><datafield ind1=" " ind2=" " tag="260"><subfield code="a">Westport, Conn. :</subfield><subfield code="b">Fairfield County Publications</subfield></datafield><datafield ind1=" " ind2=" " tag="300"><subfield code="a">v.</subfield></datafield><datafield ind1=" " ind2=" " tag="310"><subfield code="a">Semiweekly</subfield></datafield><datafield ind1="1" ind2=" " tag="362"><subfield code="a">Ceased in 1968.</subfield></datafield><datafield ind1=" " ind2=" " tag="500"><subfield code="a">Published in Fairfield, Conn., Oct. 8, 1961-1968.</subfield></datafield><datafield ind1=" " ind2=" " tag="580"><subfield code="a">Other eds. available: Town crier (Westport, Conn. : 1957), 19 -Oct. 5, 1967, and: Town crier of Westport, Oct. 8, 1967-1968.</subfield></datafield><datafield ind1=" " ind2=" " tag="588"><subfield code="a">Description based on: Vol. 95, no. 16 (Feb. 26, 1961).</subfield></datafield><datafield ind1=" " ind2="4" tag="651"><subfield code="a">Fairfield (Conn.)</subfield><subfield code="v">Newspapers.</subfield></datafield><datafield ind1=" " ind2="4" tag="651"><subfield code="a">Westport (Conn.)</subfield><subfield code="v">Newspapers.</subfield></datafield><datafield ind1=" " ind2="4" tag="651"><subfield code="a">Weston (Conn.)</subfield><subfield code="v">Newspapers.</subfield></datafield><datafield ind1=" " ind2=" " tag="752"><subfield code="a">United States</subfield><subfield code="b">Connecticut</subfield><subfield code="c">Fairfield</subfield><subfield code="d">Fairfield.</subfield></datafield><datafield ind1="1" ind2=" " tag="775"><subfield code="t">Town crier (Westport, Conn. : 1957)</subfield><subfield code="w">(DLC)sn 92051329</subfield></datafield><datafield ind1="1" ind2=" " tag="775"><subfield code="t">Town crier of Westport</subfield><subfield code="w">(DLC)sn 92051352</subfield></datafield><datafield ind1="1" ind2=" " tag="029"><subfield code="a">AU@</subfield><subfield code="b">000020703844</subfield></datafield></record>